<?xml version="1.0" encoding="UTF-8"?><record xmlns="http://www.loc.gov/MARC21/slim" xmlns:cinclude="http://apache.org/cocoon/include/1.0" xmlns:zs="http://www.loc.gov/zing/srw/">
  <leader>00390nz  a2200121n  4500</leader>
  <controlfield tag="001">n  91025598 </controlfield>
  <controlfield tag="003">DLC</controlfield>
  <controlfield tag="005">19910313151502.5</controlfield>
  <controlfield tag="008">910313n| acannaab|          |n aaa |||  </controlfield>
  <datafield tag="010" ind1=" " ind2=" ">
    <subfield code="a">n  91025598 </subfield>
  </datafield>
  <datafield tag="040" ind1=" " ind2=" ">
    <subfield code="a">DLC</subfield>
    <subfield code="c">DLC</subfield>
  </datafield>
  <datafield tag="100" ind1="1" ind2="0">
    <subfield code="a">Wilson, Catherine M.</subfield>
  </datafield>
  <datafield tag="670" ind1=" " ind2=" ">
    <subfield code="a">Her Threatened plants of New Zealand, 1989:</subfield>
    <subfield code="b">t.p. (Catherine M. Wilson, Botany Division, Dept. of Scientific and Industrial Research)</subfield>
  </datafield>
</record>